date,revenue,costOfRevenue,grossProfit,grossProfitRatio,ResearchAndDevelopmentExpenses,GeneralAndAdministrativeExpenses,SellingAndMarketingExpenses,otherExpenses,operatingExpenses,costAndExpenses,interestExpense,depreciationAndAmortization,EBITDA,EBITDARatio,operatingIncome,operatingIncomeRatio,totalOtherIncomeExpensesNet,incomeBeforeTax,incomeBeforeTaxRatio,incomeTaxExpense,netIncome,netIncomeRatio,EPS,EPSDiluted,weightedAverageShsOut,weightedAverageShsOutDil
2020-06-30_Q2,88912000000,52660000000,36252000000,0.407729,10388000000,19731000000,4345000000,290000000,30409000000,83069000000,403000000,5748000000,12378000000,0.139216,5843000000,0.065717,646000000,6221000000,0.069968,984000000,5243000000,0.058968,16.91612,16.91612,509000000,509000000
2020-03-31_Q1,75452000000,44257000000,31195000000,0.413442,9325000000,17811000000,4828000000,70000000,27206000000,71463000000,402000000,5362000000,9043000000,0.119851,3989000000,0.052868,-406000000,3383000000,0.044836,744000000,2535000000,0.033598,5.00988,5.00988,506000000,506000000
2019-12-31_Q4,87436000000,53977000000,33459000000,0.382668,9740000000,19775000000,6171000,65000000,29580000000,83557000000,455000000,6170000000,10679000000,0.122135,3879000000,0.044364,418000000,4053000000,0.046354,786000000,3268000000,0.037376,6.47129,6.47129,505000000,505000000
2019-09-30_Q3,69981000000,41302000000,28679000000,0.409811,9200000000,16267000000,4752000000,55000000,25522000000,66824000000,396000000,5563000000,8587000000,0.122705,3157000000,0.045112,-353000000,2632000000,0.03761,494000000,2134000000,0.030494,4.23413,4.23413,504000000,504000000
2019-06-30_Q2,63404000000,36337000000,27067000000,0.426897,9065000000,14832000000,4291000000,86000000,23983000000,60320000000,383000000,5202000000,8467000000,0.13354,3084000000,0.04864,-27000000,2889000000,0.045565,257000000,2625000000,0.041401,5.21869,5.21869,503000000,503000000
2019-03-31_Q1,59700000000,33920000000,25780000000,0.431826,7927000000,13438000000,3664000000,-5000000,21360000000,55280000000,366000000,4854000000,9617000000,0.161089,4420000000,0.074037,164000000,4401000000,0.073719,836000000,3561000000,0.059648,7.09363,7.09363,502000000,502000000
2018-12-31_Q4,72383000000,44786000000,27597000000,0.381264,7669000000,16057000000,4912000000,85000000,23811000000,68597000000,387000000,4262000000,8160000000,0.112734,3786000000,0.052305,-199000000,3350000000,0.046282,484000000,3027000000,0.041819,5.74,5.74,500000000,500000000
2018-09-30_Q3,56576000000,33003000000,23573000000,0.416661,7162000000,12619000000,3302000000,68000000,19849000000,52852000000,357000000,3778000000,7526000000,0.133025,3724000000,0.065823,-93000000,3390000000,0.059919,508000000,2883000000,0.050958,5.75,5.75,501000000,501000000
2018-06-30_Q2,52886000000,30632000000,22254000000,0.420792,7247000000,11944000000,2901000000,80000000,19271000000,49903000000,343000000,3630000000,6581000000,0.124437,2983000000,0.056404,-129000000,2605000000,0.049257,74000000,2534000000,0.047914,5.07,5.07,500000000,500000000
2018-03-31_Q1,51042000000,30735000000,20307000000,0.397849,6759000000,11558000000,2699000000,63000000,18380000000,49115000000,330000000,3671000000,5917000000,0.115924,1927000000,0.037753,239000000,1916000000,0.037538,287000000,1629000000,0.031915,3.27,3.27,498000000,498000000
2017-12-31_Q4,60453000000,38495000000,21958000000,0.363224,6314000000,13458000000,3440000000,59000000,19831000000,58326000000,338000000,3498000000,6496000000,0.107455,2127000000,0.035184,17000000,1871000000,0.03095,803000000,1857000000,0.030718,2.15,2.15,496000000,496000000
2017-09-30_Q3,43744000000,27549000000,16195000000,0.370222,5944000000,9859000000,2479000000,45000000,15848000000,43397000000,228000000,2912000000,3454000000,0.078959,347000000,0.007933,143000000,316000000,0.007224,58000000,256000000,0.005852,0.52,0.52,494000000,494000000
2017-06-30_Q2,37955000000,23451000000,14504000000,0.382137,5549000000,8261000000,2230000000,66000000,13876000000,37327000000,143000000,2633000000,3440000000,0.090634,628000000,0.016546,137000000,666000000,0.017547,467000000,197000000,0.00519,0.4,0.4,492000000,492000000
2017-03-31_Q1,35714000000,22440000000,13274000000,0.371675,4813000000,7412000000,1920000000,44000000,12269000000,34709000000,139000000,2435000000,3527000000,0.098757,1005000000,0.02814,48000000,953000000,0.026684,229000000,724000000,0.020272,1.48,1.48,490000000,490000000
2016-12-31_Q4,43741000000,28959000000,14782000000,0.337944,4544000000,8949000000,2513000000,34000000,13527000000,42486000000,133000000,2297000000,3592000000,0.08212,1255000000,0.028692,15000000,1166000000,0.026657,413000000,749000000,0.017124,1.54,1.54,487000000,487000000
2016-09-30_Q3,32714000000,21260000000,11454000000,0.350125,4135000000,6712000000,1738000000,32000000,10879000000,32139000000,118000000,2083000000,2682000000,0.081983,575000000,0.017577,8000000,491000000,0.015009,229000000,252000000,0.007703,0.52,0.52,485000000,485000000
2016-06-30_Q2,30404000000,19180000000,11224000000,0.369162,3880000000,6004000000,1546000000,55000000,9939000000,29119000000,116000000,1909000000,3189000000,0.104888,1285000000,0.042264,-14000000,1179000000,0.038778,307000000,857000000,0.028187,1.77,1.77,483000000,483000000
2016-03-31_Q1,29128000000,18866000000,10262000000,0.352307,3526000000,5620000000,1436000000,45000000,9191000000,28057000000,117000000,1827000000,2932000000,0.100659,1071000000,0.036769,81000000,1056000000,0.036254,475000000,513000000,0.017612,1.07,1.07,481000000,481000000
2015-12-31_Q4,35747000000,24341000000,11406000000,0.319076,3569000000,6693000000,57000000,35000000,10297000000,34638000000,115000000,1752000000,2801000000,0.078356,1109000000,0.031024,-69000000,938000000,0.02624,452000000,482000000,0.013484,1,1,480000000,480000000
2015-09-30_Q3,25358000000,16755000000,8603000000,0.339262,3197000000,4957000000,49000000,43000000,8197000000,24952000000,116000000,1599000000,1955000000,0.077096,406000000,0.016011,-56000000,247000000,0.009741,161000000,79000000,0.003115,0.17,0.17,478000000,478000000
2015-06-30_Q2,23185000000,15160000000,8025000000,0.346129,3020000000,4493000000,84000000,48000000,7561000000,22721000000,113000000,1504000000,1975000000,0.085184,464000000,0.020013,0,362000000,0.015614,266000000,92000000,0.003968,0.19,0.19,476000000,476000000
2015-03-31_Q1,22717000000,15395000000,7322000000,0.322314,2754000000,4269000000,1083000000,44000000,7067000000,22462000000,115000000,1426000000,1555000000,0.068451,255000000,0.011225,-130000000,21000000,0.000924,71000000,-57000000,-0.002509,-0.12,-0.12,465000000,465000000
2014-12-31_Q4,29328000000,20671000000,8657000000,0.295179,2635000000,5392000000,34000000,39000000,8066000000,28737000000,74000000,1380000000,1873000000,0.063864,591000000,0.020151,-96000000,429000000,0.014628,205000000,214000000,0.007297,0.45,0.45,472000000,472000000
2014-09-30_Q3,20579000000,14627000000,5952000000,0.289227,2423000000,4042000000,32000000,31000000,6496000000,21123000000,49000000,1247000000,654000000,0.03178,-544000000,-0.026435,-50000000,-634000000,-0.030808,-205000000,-437000000,-0.021235,-0.94,-0.94,463000000,463000000
2014-06-30_Q2,19340000000,13399000000,5941000000,0.307187,2226000000,3702000000,59000000,28000000,5956000000,19355000000,45000000,1109000000,1122000000,0.058014,-15000000,-0.000776,22000000,-27000000,-0.001396,94000000,-126000000,-0.006515,-0.27,-0.27,461000000,461000000
2014-03-31_Q1,19741000000,14055000000,5686000000,0.28803,1991000000,3514000000,870000000,35000000,5540000000,19595000000,42000000,1010000000,1233000000,0.062459,146000000,0.007396,5000000,120000000,0.006079,73000000,108000000,0.005471,0.23,0.23,468000000,468000000
2013-12-31_Q4,25587000000,18806000000,6781000000,0.265017,1862000000,4369000000,25000000,40000000,6271000000,25077000000,39000000,962000000,1420000000,0.055497,510000000,0.019932,-29000000,452000000,0.017665,179000000,240000000,0.00938,0.51,0.51,468000000,468000000
2013-09-30_Q3,17092000000,12366000000,4726000000,0.276504,1734000000,3006000000,23000000,11000000,4751000000,17117000000,36000000,834000000,817000000,0.0478,-25000000,-0.001463,9000000,-43000000,-0.002516,-12000000,-41000000,-0.002399,-0.09,-0.09,457000000,457000000
2013-06-30_Q2,15704000000,11209000000,4495000000,0.286233,1586000000,2798000000,40000000,32000000,4416000000,15625000000,33000000,757000000,796000000,0.050688,79000000,0.005031,-38000000,17000000,0.001083,13000000,-7000000,-0.000446,-0.02,-0.02,456000000,456000000
2013-03-31_Q1,16070000000,11801000000,4269000000,0.26565,1383000000,2674000000,632000000,31000000,4088000000,15889000000,33000000,700000000,797000000,0.049596,181000000,0.011263,-77000000,81000000,0.00504,-18000000,82000000,0.005103,0.18,0.18,463000000,463000000
2012-12-31_Q4,21268000000,16136000000,5132000000,0.241301,1345000000,3344000000,851000000,38000000,4727000000,20863000000,27000000,662000000,980000000,0.046079,405000000,0.019043,-49000000,337000000,0.015845,194000000,97000000,0.004561,0.21,0.21,461000000,461000000
2012-09-30_Q3,13806000000,10319000000,3487000000,0.252571,1192000000,2280000000,540000000,43000000,3515000000,13834000000,23000000,555000000,387000000,0.028031,-28000000,-0.002028,18000000,-22000000,-0.001594,83000000,-274000000,-0.019846,-0.61,-0.61,452000000,452000000
2012-06-30_Q2,12834000000,9488000000,3346000000,0.260714,1082000000,2125000000,537000000,32000000,3239000000,12727000000,21000000,485000000,622000000,0.048465,107000000,0.008337,50000000,146000000,0.011376,109000000,7000000,0.000545,0.02,0.02,458000000,458000000
2012-03-31_Q1,13185000000,10027000000,3158000000,0.239515,945000000,1975000000,480000000,46000000,2966000000,12993000000,21000000,457000000,651000000,0.049374,192000000,0.014562,-99000000,84000000,0.006371,43000000,130000000,0.00986,0.28,0.28,460000000,460000000
2011-12-31_Q4,17431000000,13830000000,3601000000,0.206586,862000000,2436000000,593000000,43000000,3341000000,17171000000,20000000,359000000,642000000,0.036831,260000000,0.014916,19000000,273000000,0.015662,86000000,177000000,0.010154,0.38,0.38,462000000,462000000
2011-09-30_Q3,10876000000,8325000000,2551000000,0.234553,769000000,1666000000,370000000,37000000,2472000000,10797000000,18000000,278000000,426000000,0.039169,79000000,0.007264,52000000,130000000,0.011953,67000000,63000000,0.005793,0.14,0.14,461000000,461000000
2011-06-30_Q2,9913000000,7525000000,2388000000,0.240896,698000000,1448000000,340000000,41000000,2187000000,9712000000,15000000,244000000,499000000,0.050338,201000000,0.020276,23000000,225000000,0.022697,49000000,191000000,0.019268,0.42,0.42,460000000,460000000
2011-03-31_Q1,9857000000,7608000000,2249000000,0.228163,579000000,1315000000,327000000,33000000,1927000000,9535000000,12000000,202000000,504000000,0.051131,322000000,0.032667,-18000000,307000000,0.031145,89000000,201000000,0.020392,0.44,0.44,459000000,459000000
2010-12-31_Q4,12948000000,10317000000,2631000000,0.203197,519000000,1609000000,376000000,29000000,2157000000,12474000000,11000000,169000000,680000000,0.052518,474000000,0.036608,29000000,506000000,0.039079,84000000,416000000,0.032129,0.91,0.91,458000000,458000000
2010-09-30_Q3,7560000000,5786000000,1774000000,0.234656,442000000,1038000000,241000000,26000000,1506000000,7292000000,12000000,150000000,472000000,0.062434,268000000,0.03545,22000000,292000000,0.038624,79000000,231000000,0.030556,0.51,0.51,456000000,456000000
2010-06-30_Q2,6566000000,4957000000,1609000000,0.24505,408000000,906000000,211000000,25000000,1339000000,6296000000,9000000,130000000,434000000,0.066098,270000000,0.041121,24000000,297000000,0.045233,88000000,207000000,0.031526,0.45,0.45,455000000,455000000
2010-03-31_Q1,7131000000,5501000000,1630000000,0.228579,366000000,844000000,201000000,26000000,1236000000,6737000000,7000000,119000000,525000000,0.073622,394000000,0.055252,3000000,401000000,0.056233,100000000,299000000,0.04193,0.66,0.66,454000000,454000000
2009-12-31_Q4,9519000000,7543000000,1976000000,0.207585,350000000,1129000000,274000000,21000000,1500000000,9043000000,-8000000,112000000,573000000,0.060195,476000000,0.050005,-6000000,471000000,0.04948,85000000,384000000,0.04034,1.08,1.08,450000000,450000000
2009-09-30_Q3,5449000000,4176000000,1273000000,0.233621,315000000,698000000,149000000,9000000,1022000000,5198000000,-7000000,95000000,347000000,0.063681,251000000,0.046063,1000000,262000000,0.048082,60000000,199000000,0.03652,0.45,0.45,441000000,441000000
2009-06-30_Q2,4651000000,3518000000,1133000000,0.243604,299000000,615000000,129000000,60000000,974000000,4492000000,-7000000,84000000,258000000,0.055472,159000000,0.034186,3000000,179000000,0.038486,39000000,142000000,0.030531,0.32,0.32,440000000,440000000
2009-03-31_Q1,4889000000,3741000000,1148000000,0.234813,275000000,618000000,128000000,11000000,904000000,4645000000,-12000000,87000000,321000000,0.065658,244000000,0.049908,4000000,248000000,0.050726,69000000,177000000,0.036204,0.41,0.41,437000000,437000000
2008-12-31_Q4,6704000000,5356000000,1348000000,0.201074,278000000,790000000,169000000,8000000,1076000000,6432000000,-11000000,77000000,371000000,0.05534,272000000,0.040573,7000000,303000000,0.045197,79000000,226000000,0.033711,0.52,0.52,436000000,436000000
2008-09-30_Q3,4264000000,3265000000,999000000,0.234287,264000000,574000000,108000000,7000000,845000000,4110000000,-17000000,76000000,236000000,0.055347,154000000,0.036116,0,182000000,0.042683,59000000,118000000,0.027674,0.27,0.27,436000000,436000000
2008-06-30_Q2,4063000000,3096000000,967000000,0.238001,258000000,537000000,102000000,-45000000,750000000,3846000000,-21000000,69000000,252000000,0.062023,217000000,0.053409,-1000000,208000000,0.051194,46000000,158000000,0.038888,0.37,0.37,430000000,430000000
2008-03-31_Q1,4135000000,3179000000,956000000,0.231197,234000000,518000000,103000000,6000000,758000000,3937000000,-22000000,65000000,248000000,0.059976,198000000,0.047884,2000000,207000000,0.05006,62000000,143000000,0.034583,0.34,0.34,426000000,426000000
2007-12-31_Q4,5672000000,4502000000,1170000000,0.206276,222000000,675000000,133000000,3000000,900000000,5402000000,-20000000,63000000,324000000,0.057123,270000000,0.047602,1000000,281000000,0.049542,74000000,207000000,0.036495,0.48,0.48,427000000,427000000
2007-09-30_Q3,3262000000,2500000000,762000000,0.233599,209000000,427000000,74000000,3000000,639000000,3139000000,-19000000,61000000,166000000,0.050889,123000000,0.037707,-2000000,124000000,0.038013,44000000,80000000,0.024525,0.19,0.19,425000000,425000000
2007-06-30_Q2,2886000000,2185000000,701000000,0.242897,201000000,381000000,65000000,3000000,585000000,2770000000,-19000000,60000000,152000000,0.052668,116000000,0.040194,-4000000,111000000,0.038462,33000000,78000000,0.027027,0.18,0.18,423000000,423000000
2007-03-31_Q1,3015000000,2295000000,720000000,0.238806,186000000,388000000,72000000,0,574000000,2869000000,-19000000,62000000,187000000,0.062023,146000000,0.048425,-2000000,144000000,0.047761,33000000,111000000,0.036816,0.26,0.26,420000000,420000000
2006-12-31_Q4,3986000000,3136000000,850000000,0.213246,177000000,474000000,92000000,2000000,653000000,3789000000,-20000000,59000000,228000000,0.0572,197000000,0.049423,-8000000,189000000,0.047416,91000000,98000000,0.024586,0.23,0.23,422000000,422000000
2006-09-30_Q3,2307000000,1758000000,549000000,0.237971,172000000,335000000,64000000,2000000,509000000,2267000000,-20000000,63000000,81000000,0.035111,40000000,0.017339,4000000,38000000,0.016472,19000000,19000000,0.008236,0.04,0.04,424000000,424000000
2006-06-30_Q2,2139000000,1630000000,509000000,0.237962,166000000,293000000,53000000,3000000,462000000,2092000000,-17000000,43000000,80000000,0.037401,47000000,0.021973,1000000,54000000,0.025245,32000000,22000000,0.010285,0.05,0.05,425000000,425000000
2006-03-31_Q1,2279000000,1731000000,548000000,0.240456,147000000,293000000,54000000,3000000,443000000,2174000000,-21000000,40000000,115000000,0.050461,105000000,0.046073,-1000000,96000000,0.042124,45000000,51000000,0.022378,0.12,0.12,426000000,426000000
2005-12-31_Q4,2977000000,2310000000,667000000,0.224051,132000000,366000000,67000000,4000000,502000000,2812000000,-22000000,36000000,175000000,0.058784,165000000,0.055425,0,161000000,0.054081,-38000000,199000000,0.066846,0.47,0.47,426000000,426000000
2005-09-30_Q3,1858000000,1395000000,463000000,0.249193,121000000,247000000,44000000,40000000,408000000,1803000000,-22000000,30000000,59000000,0.031755,55000000,0.029602,0,51000000,0.027449,21000000,30000000,0.016146,0.07,0.07,428000000,428000000
2005-06-30_Q2,1753000000,1303000000,450000000,0.256703,106000000,238000000,42000000,2000000,346000000,1649000000,-22000000,27000000,113000000,0.064461,104000000,0.059327,-1000000,108000000,0.061609,56000000,52000000,0.029663,0.12,0.12,425000000,425000000
2005-03-31_Q1,1902000000,1444000000,458000000,0.240799,92000000,257000000,45000000,1000000,350000000,1794000000,-26000000,28000000,136000000,0.071504,108000000,0.056782,3000000,108000000,0.056782,56000000,78000000,0.041009,0.12,0.12,424000000,424000000
2004-12-31_Q4,2541000000,1996000000,544000000,0.214089,73000000,314000000,58200000,-5000000,383000000,2379000000,-27134000,21000000,101866000,0.040089,162000000,0.063754,-5000000,108000000,0.042503,-239000000,347000000,0.13656,0.82,0.82,425000000,425000000
2004-09-30_Q3,1463000000,1107000000,356000000,0.243336,69000000,201000000,34347000,5000000,275000000,1382000000,-26307000,19000000,49693000,0.033967,81000000,0.055366,5000000,57000000,0.038961,3000000,54000000,0.03691,0.13,0.13,425000000,425000000
2004-06-30_Q2,1387000000,1046000000,341000000,0.245854,71000000,191000000,31839000,-7000000,255000000,1301000000,-26055000,18000000,72945000,0.052592,86000000,0.062004,0,81000000,0.058399,5000000,76000000,0.054795,0.14,0.14,425000000,425000000
2004-03-31_Q1,1530000000,1169000000,361000000,0.235948,58000000,193000000,33636000,0,251000000,1420000000,-27731000,18000000,99269000,0.064882,110000000,0.071895,1000000,109000000,0.071242,-2000000,111000000,0.072549,0.26,0.26,425000000,425000000
2003-12-31_Q4,1946000000,1519000000,427000000,0.219424,52000000,237000000,40291000,0,289000000,1808000000,-29299000,22000000,67701000,0.03479,138000000,0.070915,-2000000,76000000,0.039054,2000000,73000000,0.037513,0.17,0.17,425000000,425000000
2003-09-30_Q3,1134000000,849000000,286000000,0.252205,54000000,179000000,28943000,211497000,234000000,1083000000,-29802000,18000000,5198000,0.004584,52000000,0.045855,2000000,17000000,0.014991,1000000,16000000,0.014109,-0.17,-0.17,390000000,390000000
2003-06-30_Q2,1100000000,826000000,274000000,0.249091,52000000,179000000,25326000,210282000,232000000,1058000000,-34367000,19000000,-58367000,-0.053061,42000000,0.038182,4000000,-43000000,-0.039091,0,-43000000,-0.039091,0.04,0.04,394000000,394000000
2003-03-31_Q1,1084000000,813000000,271000000,0.25,50000000,180000000,28227000,210255000,231000000,1044000000,-36511000,20000000,-26511000,-0.024457,39000000,0.035978,3000000,-10000000,-0.009225,0,-10000000,-0.009225,0.03,0.03,389000000,389000000
2002-12-31_Q4,1429000000,1093000000,335000000,0.23443,49000000,220000000,37579000,244621000,265000000,1358000000,-36108000,20000000,-13108000,-0.009173,71000000,0.049685,3000000,3000000,0.002099,0,3000000,0.002099,0.09,0.09,407000000,407000000
2002-09-30_Q3,851000000,635000000,216000000,0.253819,53000000,135000000,26728000,207114000,226000000,861000000,-35922000,22000000,-48922000,-0.057488,-10000000,-0.011751,3000000,-35000000,-0.041128,0,-35000000,-0.041128,0,0,380000000,380000000
2002-06-30_Q2,806000000,587000000,218000000,0.270471,58000000,157000000,28832000,197270000,217000000,804000000,-35651000,22000000,-107651000,-0.133562,1000000,0.001241,0,-92000000,-0.114144,0,-94000000,-0.116625,-0.08,-0.08,377000000,377000000
2002-03-31_Q1,847000000,624000000,223000000,0.263282,55000000,154000000,32244000,200440000,222000000,846000000,-35244000,23000000,-35244000,-0.04161,2000000,0.002361,0,-22000000,-0.025974,0,-23000000,-0.027155,-0.05,-0.05,373000000,373000000
2001-12-31_Q4,1115000000,841000000,274000000,0.24574,52000000,165000000,34450000,239949000,260000000,1101000000,-35290000,59000000,28710000,0.025749,15000000,0.013453,8000000,7000000,0.006278,0,5000000,0.004484,0.08,0.08,384000000,384000000
2001-09-30_Q3,639000000,477000000,162000000,0.253521,54000000,133000000,32537000,211045000,233000000,710000000,-35046000,61000000,-144046000,-0.225424,-70000000,-0.109546,-2000000,-165000000,-0.258216,0,-170000000,-0.266041,-0.16,-0.16,368000000,368000000
2001-06-30_Q2,668000000,488000000,180000000,0.269461,65000000,145000000,34658000,296782000,319000000,807000000,-35148000,72000000,-131148000,-0.196329,-140000000,-0.209581,-1000000,-158000000,-0.236527,0,-168000000,-0.251497,-0.2,-0.2,360000000,360000000
2001-03-31_Q1,700000000,518000000,183000000,0.261429,70000000,164000000,0,0,399000000,917000000,-24000000,74000000,-184000000,-0.262857,-217000000,-0.31,-4000000,-210000000,-0.3,0,-234000000,-0.334286,-0.26,-0.26,357000000,357000000
2000-12-31_Q4,972000000,748000000,224000000,0.230453,70000000,213000000,0,0,546000000,1294000000,-180000000,101000000,-624000000,-0.641975,-322000000,-0.331276,-5000000,-508000000,-0.522634,0,-545000000,-0.5607,-0.79,-0.79,356000000,356000000
2000-09-30_Q3,638000000,471000000,167000000,0.261755,71000000,169000000,0,0,330000000,801000000,-12000000,103000000,-150000000,-0.23511,-164000000,-0.257053,3000000,-172000000,-0.269592,0,-241000000,-0.377743,-0.42,-0.42,354000000,354000000
2000-06-30_Q2,578000000,442000000,136000000,0.235294,67000000,166000000,0,0,316000000,758000000,-23000000,101000000,-239000000,-0.413495,-180000000,-0.311419,-3000000,-207000000,-0.358131,0,-317000000,-0.548443,-0.67,-0.67,350000000,350000000
2000-03-31_Q1,574000000,446000000,128000000,0.222997,61000000,180000000,0,0,326000000,772000000,-17000000,101000000,-224000000,-0.390244,-198000000,-0.344948,-5000000,-220000000,-0.383275,0,-308000000,-0.536585,-0.65,-0.65,344000000,344000000
1999-12-31_Q4,676000000,588000000,88000000,0.130178,58000000,220000000,0,0,362000000,950000000,-9000000,97000000,-235000000,-0.347633,-274000000,-0.405325,0,-283000000,-0.418639,0,-323000000,-0.477811,-0.71,-0.71,338000000,338000000
1999-09-30_Q3,356000000,285000000,70000000,0.196629,44000000,117000000,0,0,238000000,523000000,-9000000,84000000,-122000000,-0.342697,-167000000,-0.469101,2000000,-174000000,-0.488764,0,-197000000,-0.553371,-0.36,-0.36,332000000,332000000
1999-06-30_Q2,314000000,247000000,68000000,0.216561,34000000,105000000,0,0,180000000,427000000,-15000000,45000000,-108000000,-0.343949,-113000000,-0.359873,0,-128000000,-0.407643,0,-138000000,-0.43949,-0.3,-0.3,322000000,322000000
1999-03-31_Q1,294000000,229000000,65000000,0.221088,23000000,72000000,0,0,117000000,346000000,-6000000,26000000,-42000000,-0.142857,-52000000,-0.176871,0,-58000000,-0.197279,0,-62000000,-0.210884,-0.13,-0.13,314000000,314000000
1998-12-31_Q4,253000000,199000000,53000000,0.209486,17000000,54000000,0,0,93000000,292000000,-4000000,46000000,-4000000,-0.01581,-39000000,-0.15415,0,-44000000,-0.173913,0,-46000000,-0.181818,-0.08,-0.08,309000000,309000000
1998-09-30_Q3,154000000,119000000,35000000,0.227273,13000000,44000000,0,0,76000000,195000000,-4000000,3000000,-46000000,-0.298701,-42000000,-0.272727,0,-45000000,-0.292208,0,-45000000,-0.292208,-0.09,-0.09,301000000,301000000
1998-06-30_Q2,116000000,90000000,26000000,0.224138,9000000,30000000,0,0,44000000,134000000,-4000000,1000000,-26000000,-0.224138,-18000000,-0.155172,0,-23000000,-0.198276,0,-23000000,-0.198276,-0.06,-0.06,293000000,293000000
1998-03-31_Q1,87000000,68000000,19000000,0.218391,7000000,22000000,0,0,29000000,97000000,0,2000000,-8000000,-0.091954,-10000000,-0.114943,0,-10000000,-0.114943,0,-10000000,-0.114943,-0.04,-0.04,283000000,283000000
1997-12-31_Q4,66000000,53000000,13000000,0.19697,5000000,19000000,0,0,24000000,77000000,1000000,1000000,-9000000,-0.136364,-11000000,-0.166667,0,-11000000,-0.166667,0,-11000000,-0.166667,-0.04,-0.04,279000000,279000000
1997-09-30_Q3,38000000,31000000,7000000,0.184211,4000000,13000000,0,0,17000000,48000000,1000000,1000000,-8000000,-0.210526,-10000000,-0.263158,0,-10000000,-0.263158,0,-10000000,-0.263158,-0.04,-0.04,275000000,275000000
1997-06-30_Q2,28000000,23000000,5000000,0.178571,3000000,10000000,0,0,13000000,36000000,0,1000000,-7000000,-0.25,-8000000,-0.285714,0,-8000000,-0.285714,0,-8000000,-0.285714,-0.03,-0.03,256000000,256000000
1997-03-31_Q1,16000000,12000000,4000000,0.25,2000000,5000000,0,0,7000000,19000000,0,0,-3000000,-0.1875,-3000000,-0.1875,0,-3000000,-0.1875,0,-3000000,-0.1875,-0.01,-0.01,233000000,233000000
1996-12-31_Q4,8000000,7000000,2000000,0.25,1000000,3000000,0,0,4000000,11000000,0,0,-2000000,-0.25,-2000000,-0.25,0,-2000000,-0.25,0,-2000000,-0.25,-0.01,-0.01,229000000,229000000
1996-09-30_Q3,4000000,3000000,1000000,0.25,1000000,3000000,0,0,4000000,7000000,0,0,-2000000,-0.5,-2000000,-0.5,0,-2000000,-0.5,0,-2000000,-0.5,-0.01,-0.01,228000000,228000000
1996-06-30_Q2,2000000,2000000,0,0,0,1000000,0,0,1000000,3000000,0,0,-1000000,-0.5,-1000000,-0.5,0,-1000000,-0.5,0,-1000000,-0.5,0,0,220000000,220000000
1996-03-31_Q1,1000000,1000000,0,0,0,0,0,0,0,1000000,0,0,0,0,0,0,0,0,0,0,0,0,0,0,213000000,213000000