date,revenue,costOfRevenue,grossProfit,grossProfitRatio,ResearchAndDevelopmentExpenses,GeneralAndAdministrativeExpenses,SellingAndMarketingExpenses,otherExpenses,operatingExpenses,costAndExpenses,interestExpense,depreciationAndAmortization,EBITDA,EBITDARatio,operatingIncome,operatingIncomeRatio,totalOtherIncomeExpensesNet,incomeBeforeTax,incomeBeforeTaxRatio,incomeTaxExpense,netIncome,netIncomeRatio,EPS,EPSDiluted,weightedAverageShsOut,weightedAverageShsOutDil
2020-06-30_Q2,35239000000,2259000000,32980000000,0.935895,0,27415000000,0,0,29674000000,0,2259000000,2149000000,9973000000,0,5565000000,0,0,5565000000,0,878000000,4687000000,0,2.67401,2.67401,3081000000,3081000000
2020-03-31_Q1,32973000000,4722000000,28251000000,0.856792,0,25135000000,0,1424000000,29857000000,11473000000,4722000000,2197000000,10035000000,0.188064139,3116000000,0.110296981,0,3116000000,0.110296981,251000000,2865000000,0.101412339,2.14716,2.14716,3100700000,3100700000
2019-12-31_Q4,34092000000,5761000000,28331000000,0.831016,0,17766000000,0,1463000000,23527000000,10673000000,5761000000,2139000000,18465000000,0.448413399,10565000000,0.372913063,0,10565000000,0.372913063,2045000000,8520000000,0.300730648,2.63228,2.63228,3147600000,3147600000
2019-09-30_Q3,36234000000,6893000000,29341000000,0.809764,0,17936000000,0,1234000000,24829000000,11077000000,6893000000,2145000000,20443000000,0.461811118,11405000000,0.388705225,0,11405000000,0.388705225,2325000000,9080000000,0.309464572,2.68582,2.68582,3207200000,3207200000
2019-06-30_Q2,35952000000,7205000000,28747000000,0.799594,0,17405000000,0,1282000000,24610000000,10925000000,7205000000,2046000000,20593000000,0.464345172,11342000000,0.393382353,0,11342000000,0.393382353,1690000000,9652000000,0.334766926,2.8379,2.8379,3259700000,3259700000
2019-03-31_Q1,36059000000,6936000000,29123000000,0.807649,0,17890000000,0,1108000000,24826000000,11301000000,6936000000,2038000000,20207000000,0.455687944,11233000000,0.38570889,0,11233000000,0.38570889,2054000000,9179000000,0.315180442,2.62584,2.62584,3308200000,3308200000
2018-12-31_Q4,31451000000,5342000000,26109000000,0.830148,0,17268000000,0,1418000000,22610000000,10170000000,5342000000,2075000000,16560000000,0.418093378,8841000000,0.338618867,0,8841000000,0.338618867,2077000000,7066000000,0.270634647,1.88966,1.88966,3347400000,3347400000
2018-09-30_Q3,33192000000,5932000000,27260000000,0.821282,0,16571000000,0,1398000000,22503000000,10327000000,5932000000,1992000000,18613000000,0.465187087,10689000000,0.392112986,0,10689000000,0.392112986,2309000000,8380000000,0.307410125,2.35,2.35,3394000000,3394000000
2018-06-30_Q2,33137000000,5384000000,27753000000,0.837523,0,17181000000,0,1560000000,22565000000,10506000000,5384000000,1927000000,17883000000,0.450365726,10572000000,0.380931791,0,10572000000,0.380931791,2256000000,8316000000,0.299643282,2.29,2.29,3435000000,3435000000
2018-03-31_Q1,32290000000,4383000000,27907000000,0.864261,0,17245000000,0,1355000000,21628000000,10916000000,4383000000,1797000000,16842000000,0.446447128,10662000000,0.382054682,0,10662000000,0.382054682,1950000000,8712000000,0.31217974,2.39,2.39,3480000000,3480000000
2017-12-31_Q4,28423000000,3966000000,24457000000,0.860465,0,16203000000,0,1510000000,20169000000,9492000000,3966000000,1632000000,11952000000,0.409307332,8254000000,0.341738086,0,8254000000,0.341738086,2122000000,4232000000,0.175216329,1.57,1.57,3516000000,3516000000
2017-09-30_Q3,29467000000,3889000000,25578000000,0.868022,0,16022000000,0,1355000000,19911000000,9618000000,3889000000,1579000000,15024000000,0.439666746,9556000000,0.37731975,0,9556000000,0.37731975,2824000000,6732000000,0.265813788,1.74,1.74,3560000000,3560000000
2017-06-30_Q2,29173000000,3442000000,25731000000,0.882014,0,15982000000,0,1618000000,19424000000,9576000000,3442000000,1504000000,14695000000,0.441813899,9749000000,0.382764036,0,9749000000,0.382764036,2720000000,7029000000,0.275971731,1.86,1.86,3566000000,3566000000
2017-03-31_Q1,27917000000,2978000000,24939000000,0.893327,0,16598000000,0,1773000000,19576000000,10029000000,2978000000,1464000000,12783000000,0.397365755,8341000000,0.338034448,0,8341000000,0.338034448,1893000000,6448000000,0.261317123,1.69,1.69,3630000000,3630000000
2016-12-31_Q4,26990000000,2713000000,24277000000,0.899481,0,15598000000,0,1743000000,18311000000,8694000000,2713000000,1446000000,12838000000,0.43313655,8679000000,0.371278234,0,8679000000,0.371278234,1952000000,6727000000,0.287773785,1.76,1.76,3647000000,3647000000
2016-09-30_Q3,27140000000,2467000000,24673000000,0.909101,0,15734000000,0,1664000000,18201000000,9410000000,2467000000,1407000000,12813000000,0.419324768,8939000000,0.362298869,0,8939000000,0.362298869,2653000000,6286000000,0.254772423,1.57,1.57,3670000000,3670000000
2016-06-30_Q2,26846000000,2466000000,24380000000,0.908143,0,15040000000,0,924000000,17506000000,9443000000,2466000000,1336000000,13142000000,0.437899918,9340000000,0.383100902,0,9340000000,0.383100902,3140000000,6200000000,0.254306809,1.47,1.47,3706000000,3706000000
2016-03-31_Q1,25411000000,2172000000,23239000000,0.914525,0,15661000000,0,1425000000,17833000000,9278000000,2172000000,1289000000,11039000000,0.381556866,7578000000,0.326089763,0,7578000000,0.326089763,2058000000,5520000000,0.237531735,1.34,1.34,3738000000,3738000000
2015-12-31_Q4,24815000000,1930000000,22885000000,0.922224,0,15514000000,0,2371000000,17444000000,8350000000,1930000000,1273000000,10574000000,0.37771466,7371000000,0.322088704,0,7371000000,0.322088704,1937000000,5434000000,0.23744811,1.46,1.46,3868000000,3868000000
2015-09-30_Q3,24595000000,1815000000,22780000000,0.926205,0,16050000000,0,3057000000,17865000000,8866000000,1815000000,1248000000,9793000000,0.350219491,6730000000,0.295434592,0,6730000000,0.295434592,-74000000,6804000000,0.298683055,1.91,1.91,3726000000,3726000000
2015-06-30_Q2,25642000000,1830000000,23812000000,0.928633,0,15435000000,0,1974000000,17265000000,9193000000,1830000000,1238000000,11445000000,0.403788006,8377000000,0.351797413,0,8377000000,0.351797413,2087000000,6290000000,0.264152528,1.6,1.6,3744000000,3744000000
2015-03-31_Q1,25954000000,1888000000,24066000000,0.927256,0,15842000000,0,2191000000,17730000000,9534000000,1888000000,1181000000,11293000000,0.390800299,8224000000,0.341726918,0,8224000000,0.341726918,2310000000,5914000000,0.245740879,1.58,1.58,3758000000,3758000000
2014-12-31_Q4,24639000000,1889000000,22750000000,0.923333,0,16249000000,0,3556000000,18138000000,8041000000,1889000000,1186000000,9576000000,0.330890192,6501000000,0.278207178,0,6501000000,0.278207178,1570000000,4931000000,0.219038735,1.41,1.41,3765000000,3765000000
2014-09-30_Q3,26288000000,1819000000,24469000000,0.930805,0,16555000000,0,2956000000,18374000000,9347000000,1819000000,1410000000,11143000000,0.364513734,7914000000,0.317206962,0,7914000000,0.317206962,2349000000,5565000000,0.229811103,1.56,1.56,3789000000,3789000000
2014-06-30_Q2,26741000000,2063000000,24678000000,0.922853,0,16123000000,0,2701000000,18186000000,9175000000,2063000000,1218000000,11836000000,0.390488264,8555000000,0.340680461,0,8555000000,0.340680461,2575000000,5980000000,0.244745236,1.46,1.46,3813000000,3813000000
2014-03-31_Q1,25341000000,2126000000,23215000000,0.916104,0,15486000000,0,1933000000,17612000000,9401000000,2126000000,1208000000,11063000000,0.3790284,7729000000,0.326490671,0,7729000000,0.326490671,2460000000,5269000000,0.229374157,1.28,1.28,3824000000,3824000000
2013-12-31_Q4,26176000000,2259000000,23917000000,0.9137,0,15656000000,0,3136000000,17915000000,8621000000,2259000000,1690000000,12210000000,0.281741233,8261000000,0.227932285,0,8261000000,0.323890136,3020000000,5241000000,0.227932285,3.15,3.15,3797000000,3797000000
2013-09-30_Q3,25408000000,2291000000,23117000000,0.909832,0,23083000000,0,11373000000,25374000000,8821000000,2291000000,1651000000,3976000000,0.054981183,34000000,0.001470779,0,34000000,0.001470779,414000000,-380000000,-0.016438119,-0.17,-0.17,3767000000,3767000000
2013-06-30_Q2,27579000000,2368000000,25211000000,0.914138,0,15913000000,0,2951000000,18281000000,9532000000,2368000000,1435000000,13101000000,0.314584903,9298000000,0.257665305,0,9298000000,0.368807267,2802000000,6496000000,0.257665305,1.59,1.59,3783000000,3783000000
2013-03-31_Q1,27554000000,2432000000,25122000000,0.911737,0,16040000000,0,2301000000,18472000000,9898000000,2432000000,974000000,12488000000,0.298662527,9082000000,0.259891728,0,9082000000,0.361515803,2553000000,6529000000,0.259891728,1.66,1.66,3847000000,3847000000
2012-12-31_Q4,26165000000,2512000000,23653000000,0.903994,0,16703000000,0,3678000000,19215000000,8792000000,2512000000,1404000000,10866000000,0.300004228,6950000000,0.240646007,0,6950000000,0.293831649,1258000000,5692000000,0.240646007,1.65,1.65,3821000000,3821000000
2012-09-30_Q3,27799000000,2653000000,25146000000,0.904565,0,17160000000,0,3035000000,19813000000,11550000000,2653000000,1294000000,11933000000,0.27845383,7986000000,0.226994353,0,7986000000,0.317585302,2278000000,5708000000,0.226994353,1.55,1.55,3814000000,3814000000
2012-06-30_Q2,25133000000,2953000000,22180000000,0.882505,0,15180000000,0,2487000000,18133000000,7618000000,2953000000,1217000000,11170000000,0.278494139,7000000000,0.223624887,0,7000000000,0.315599639,2040000000,4960000000,0.223624887,1.27,1.27,3821000000,3821000000
2012-03-31_Q1,29087000000,3035000000,26052000000,0.895658,0,19071000000,0,4832000000,22106000000,8806000000,3035000000,1232000000,11248000000,0.236296637,6981000000,0.189006602,0,6981000000,0.267964072,2057000000,4924000000,0.189006602,1.69,1.69,3834000000,3834000000
2011-12-31_Q4,24394000000,2923000000,21471000000,0.880175,0,16724000000,0,2872000000,19647000000,6504000000,2923000000,1288000000,8958000000,0.281076801,4747000000,0.221088911,0,4747000000,0.221088911,1019000000,3728000000,0.173629547,1.02,1.02,3812000000,3812000000
2011-09-30_Q3,27106000000,3343000000,23763000000,0.876669,0,17945000000,0,3445000000,21288000000,7120000000,3343000000,1265000000,10426000000,0.298068426,5818000000,0.244834406,0,5818000000,0.244834406,1556000000,4262000000,0.179354459,1.26,1.26,3872000000,3872000000
2011-06-30_Q2,30575000000,3796000000,26779000000,0.875846,0,18652000000,0,4299000000,22448000000,16261000000,3796000000,1278000000,13201000000,0.360307692,8127000000,0.311230769,0,8127000000,0.311230769,2696000000,5431000000,0.211269231,1.59,1.59,3983000000,3983000000
2011-03-31_Q1,28763000000,3542000000,25221000000,0.876856,0,17164000000,0,2943000000,20706000000,659000000,3542000000,1274000000,12873000000,0.361365529,8057000000,0.319456009,0,8057000000,0.319456009,2502000000,5555000000,0.220252964,1.47,1.47,4014000000,4014000000
2010-12-31_Q4,29608000000,3510000000,26098000000,0.881451,0,19086000000,0,4616000000,22596000000,584000000,3510000000,1280000000,11802000000,0.308835926,7012000000,0.268679592,0,7012000000,0.268679592,2181000000,4831000000,0.18510997,1.51,1.51,3935000000,3935000000
2010-09-30_Q3,26928000000,3104000000,23824000000,0.88473,0,17621000000,0,3082000000,20725000000,651000000,3104000000,1273000000,10580000000,0.304650772,6203000000,0.260367696,0,6203000000,0.260367696,1785000000,4418000000,0.185443251,1.28,1.28,3972000000,3972000000
2010-06-30_Q2,28133000000,3032000000,25101000000,0.892226,0,17994000000,0,2419000000,21026000000,628000000,3032000000,1208000000,11347000000,0.321819848,7107000000,0.28313613,0,7107000000,0.28313613,2312000000,4795000000,0.191028246,1.22,1.22,4006000000,4006000000
2010-03-31_Q1,30806000000,3135000000,27671000000,0.898234,0,23134000000,0,4441000000,26269000000,583000000,3135000000,1204000000,8876000000,0.198474938,4537000000,0.163962271,0,4537000000,0.163962271,1211000000,3326000000,0.120198041,1.28,1.28,3995000000,3995000000
2009-12-31_Q4,26401000000,3237000000,23164000000,0.877391,0,19288000000,0,2262000000,22525000000,536000000,3237000000,1612000000,8725000000,0.203203246,3876000000,0.167328613,0,3876000000,0.167328613,598000000,3278000000,0.141512692,0.75,0.75,3974000000,3974000000
2009-09-30_Q3,30145000000,3523000000,26622000000,0.883132,0,21559000000,0,5332000000,25082000000,1241000000,3523000000,997000000,9659000000,0.218309554,5063000000,0.207590992,0,5063000000,0.207590992,1551000000,3588000000,0.141288824,0.82,0.82,3962000000,3962000000
2009-06-30_Q2,29502000000,3879000000,25623000000,0.868517,0,21551000000,0,0,25430000000,0,3879000000,1063000000,9014000000,-0.176204251,4072000000,-0.276568985,0,4072000000,-0.276568985,1351000000,2721000000,-0.169035341,0.31,0.31,3752000000,3752000000
2009-03-31_Q1,29584000000,4559000000,25025000000,0.845896,0,21969000000,0,1375000000,26528000000,384000000,4559000000,686000000,8301000000,0.138541459,3056000000,0.122117882,0,3056000000,0.122117882,915000000,2141000000,0.085554446,0.44,0.44,3759000000,3759000000
2008-12-31_Q4,25025000000,7799000000,17226000000,0.688352,0,18568000000,0,3740000000,26367000000,1913000000,7799000000,1278000000,9060000000,0.031212304,-1342000000,-0.031363088,0,-1342000000,-0.101176116,-719000000,702000000,0.052925211,-0.26,-0.26,3659000000,3659000000
2008-09-30_Q3,23069000000,8332000000,14737000000,0.638823,0,16924000000,0,-1402000000,25256000000,-959000000,8332000000,1115000000,7841000000,-0.073640302,-2187000000,-0.116958126,0,-2187000000,-0.116958126,-2133000000,527000000,0.028183325,-0.06,-0.06,3445000000,3445000000
2008-06-30_Q2,26634000000,8235000000,18399000000,0.690809,0,15632000000,0,1233000000,23867000000,413000000,8235000000,1212000000,12214000000,0.199086907,2767000000,0.150388608,0,2767000000,0.150388608,764000000,2003000000,0.108864612,0.57,0.57,3510000000,3510000000
2008-03-31_Q1,26763000000,9873000000,16890000000,0.631095,0,13355000000,0,169000000,23228000000,546000000,9873000000,923000000,14331000000,0.245233866,3535000000,0.209295441,0,3535000000,0.209295441,1162000000,2373000000,0.140497336,0.67,0.67,3423000000,3423000000
2007-12-31_Q4,28777000000,11396000000,17381000000,0.603989,0,13262000000,0,1254000000,24658000000,570000000,11396000000,1061000000,16576000000,0.212436723,4119000000,0.17090428,0,4119000000,0.237114588,1151000000,2968000000,0.17090428,0.86,0.86,3472000000,3472000000
2007-09-30_Q3,28008000000,11893000000,16115000000,0.575371,0,11112000000,0,812000000,23005000000,561000000,11893000000,957000000,17853000000,0.24708292,5003000000,0.209347071,0,5003000000,0.310327706,1627000000,3376000000,0.209347071,0.98,0.98,3478000000,3478000000
2007-06-30_Q2,30082000000,11174000000,18908000000,0.628549,0,12557000000,0,1013000000,23731000000,457000000,11174000000,927000000,18452000000,0.254283901,6351000000,0.22392638,0,6351000000,0.335889571,2117000000,4234000000,0.22392638,1.21,1.21,3522000000,3522000000
2007-03-31_Q1,29486000000,10518000000,18968000000,0.643288,0,11636000000,0,735000000,22154000000,482000000,10518000000,876000000,18726000000,0.279945171,7332000000,0.252372417,0,7332000000,0.386545761,2545000000,4787000000,0.252372417,1.36,1.36,3560000000,3560000000
2006-12-31_Q4,26598000000,10405000000,16193000000,0.608805,0,11019000000,0,948000000,21424000000,614000000,10405000000,997000000,17196000000,0.282359537,5174000000,0.24330385,0,5174000000,0.32228728,1268000000,4526000000,0.281923508,1.11,1.11,3579000000,3579000000
2006-09-30_Q3,25323000000,9778000000,15545000000,0.613869,0,10608000000,0,877000000,20386000000,550000000,9778000000,860000000,15640000000,0.197012987,4937000000,0.20987013,0,4937000000,0.320584416,1705000000,3297000000,0.214090909,0.91,0.91,3574000000,3574000000
2006-06-30_Q2,24525000000,9439000000,15086000000,0.615127,0,9875000000,0,613000000,19314000000,526000000,9439000000,883000000,15589000000,0.185868312,5211000000,0.125991727,0,5211000000,0.34732488,1727000000,3540000000,0.240048823,0.99,0.99,3572000000,3572000000
2006-03-31_Q1,23418000000,8243000000,15175000000,0.648006,0,10611000000,0,834000000,18854000000,519000000,8243000000,837000000,13698000000,0.360330795,4564000000,0.305395117,0,4564000000,0.305395117,1537000000,3081000000,0.20221843,0.86,0.86,3571000000,3571000000
2005-12-31_Q4,21260000000,7778000000,13482000000,0.634149,0,9654000000,0,1064000000,17432000000,-24966000000,7778000000,1063000000,12725000000,0.364234537,3828000000,0.286518497,0,3828000000,0.286518497,1186000000,2698000000,0.19725106,0.76,0.76,3564000000,3564000000
2005-09-30_Q3,20772000000,6507000000,14265000000,0.686742,0,10604000000,0,882000000,17111000000,9243000000,6507000000,1034000000,11260000000,0.331144141,3661000000,0.259661251,0,3661000000,0.259661251,1192000000,2527000000,0.174697546,0.74,0.74,3548000000,3548000000
2005-06-30_Q2,18432000000,5884000000,12548000000,0.680773,0,11385000000,0,954000000,17269000000,8748000000,5884000000,1056000000,8160000000,0.181511418,1163000000,0.098642392,0,1163000000,0.098642392,226000000,994000000,0.07800361,0.33,0.33,3548000000,3548000000
2005-03-31_Q1,18804000000,5351000000,13453000000,0.715433,0,10266000000,0,805000000,15617000000,8892000000,5351000000,1165000000,9761000000,0.325932439,3187000000,0.240565692,0,3187000000,0.240565692,981000000,2264000000,0.165897267,0.64,0.64,3570000000,3570000000
2004-12-31_Q4,17483000000,4533000000,12950000000,0.74072,0,10543000000,0,2859000000,15076000000,29294000000,4533000000,1231000000,8171000000,0.026710331,2407000000,-0.036278975,0,2407000000,-0.036278975,741000000,1666000000,-0.021081717,0.56,0.56,3602000000,3602000000
2004-09-30_Q3,16546000000,4041000000,12505000000,0.755772,0,10546000000,0,-11740000000,14587000000,0,4041000000,1171000000,7171000000,1.044831047,1959000000,0.848946136,0,1959000000,0.848946136,541000000,1418000000,0.584810974,0.54,0.54,3592000000,3592000000
2004-06-30_Q2,11251000000,2620000000,8631000000,0.767132,0,9706000000,0,11740000000,12326000000,0,2620000000,671000000,2216000000,-0.049716958,-1075000000,-0.13229141,0,-1075000000,-0.13229141,-527000000,-548000000,-0.067437854,0.93,0.93,2043000000,2043000000
2004-03-31_Q1,11651000000,2640000000,9011000000,0.77341,0,6108000000,0,0,8748000000,0,2640000000,762000000,6305000000,0.387830688,2903000000,0.307195767,0,2903000000,0.307195767,973000000,1930000000,0.204232804,0.92,0.92,2093000000,2093000000
2003-12-31_Q4,10700000000,2594000000,8106000000,0.75757,0,5397000000,0,0,7991000000,0,2594000000,761000000,6064000000,0.045736242,2709000000,0.335770947,0,2709000000,0.335770947,845000000,1864000000,0.231036192,0.89,0.89,2079000000,2079000000
2003-09-30_Q3,10421000000,2648000000,7773000000,0.745898,0,5350000000,0,0,7998000000,0,2648000000,741000000,5812000000,0.612028911,2423000000,0.587506453,0,2423000000,0.587506453,802000000,1621000000,0.390810532,0.78,0.78,2068000000,2068000000
2003-06-30_Q2,11888000000,2789000000,9099000000,0.765394,0,6325000000,0,0,9114000000,0,2789000000,822000000,6385000000,0.192052247,2774000000,0.071396945,0,2774000000,0.071396945,940000000,1834000000,0.047265884,0.93,0.93,2052000000,2052000000
2003-03-31_Q1,11454000000,3048000000,8406000000,0.733892,0,6284000000,0,0,9332000000,0,3048000000,777000000,5947000000,0.378539139,2122000000,0.252438734,0,2122000000,0.252438734,722000000,1400000000,0.166547704,0.69,0.69,2022000000,2022000000
2002-12-31_Q4,10698000000,3203000000,7495000000,0.700598,0,8082000000,0,0,11285000000,0,3203000000,991000000,3607000000,0.200749645,-587000000,0.08506112,0,-587000000,0.08506112,-200000000,-387000000,0.056155872,0.35,0.35,1987000000,1987000000
2002-09-30_Q3,10527000000,3580000000,6947000000,0.659922,0,6887000000,0,0,10467000000,0,3580000000,529000000,4169000000,0,60000000,0,0,60000000,0,20000000,40000000,0,0.12,0.12,2006000000,2006000000
2002-06-30_Q2,11190000000,3616000000,7574000000,0.676854,0,6015000000,0,0,9631000000,0,3616000000,828000000,6003000000,0,1559000000,0,0,1559000000,0,531000000,1028000000,0,0.58,0.58,2016000000,2016000000
2002-03-31_Q1,10957000000,3359000000,7598000000,0.693438,0,6111000000,0,0,9470000000,0,3359000000,631000000,5477000000,0,1487000000,0,0,1487000000,0,505000000,982000000,0,0.57,0.57,2006000000,2006000000
2001-12-31_Q4,10528000000,3879000000,6649000000,0.631554,0,7217000000,0,0,11096000000,0,3879000000,797000000,4108000000,0,-568000000,0,0,-568000000,0,-236000000,-332000000,0,0.1,0.1,1965000000,1965000000
2001-09-30_Q3,12471000000,5050000000,7421000000,0.595061,0,6752000000,0,0,11802000000,0,5050000000,713000000,6432000000,0,669000000,0,0,669000000,0,220000000,449000000,0,0.51,0.51,2022000000,2022000000
2001-06-30_Q2,12637000000,5688000000,6949000000,0.549893,0,6364000000,0,0,12052000000,0,5688000000,651000000,6924000000,0,585000000,0,0,585000000,0,207000000,378000000,0,0.33,0.33,2035000000,2035000000
2001-03-31_Q1,15087000000,6762000000,8325000000,0.5518,0,6445000000,0,0,13207000000,0,6762000000,730000000,9347000000,0,1880000000,0,0,1880000000,0,656000000,1199000000,0,0.7,0.7,2033000000,2033000000
2000-12-31_Q4,16004000000,7461000000,8543000000,0.533804,0,7453000000,0,0,14914000000,0,7461000000,1181000000,9732000000,0,1090000000,0,0,1090000000,0,382000000,708000000,0,0.76,0.76,2022000000,2022000000
2000-09-30_Q3,9476000000,4376000000,5100000000,0.538202,0,4040000000,0,0,8416000000,0,4376000000,251000000,5687000000,0,1060000000,0,0,1060000000,0,476000000,584000000,0,0.43,0.43,1332000000,1332000000
2000-06-30_Q2,9115000000,3699000000,5416000000,0.594185,0,3739000000,0,0,7438000000,0,3699000000,720000000,6096000000,0,1677000000,0,0,1677000000,0,586000000,1091000000,0,0.85,0.85,1260000000,1260000000
2000-03-31_Q1,9373000000,3448000000,5925000000,0.632135,0,3832000000,0,0,7280000000,0,3448000000,393000000,5934000000,0,2093000000,0,0,2093000000,0,733000000,1360000000,0,1.06,1.06,1266000000,1266000000
1999-12-31_Q4,9382000000,3116000000,6266000000,0.667875,0,3681000000,0,0,6797000000,0,3116000000,-301000000,5400000000,0,2585000000,0,0,2585000000,0,892000000,1693000000,0,1.32,1.32,1268000000,1268000000
1999-09-30_Q3,8017000000,2826000000,5191000000,0.647499,0,3379000000,0,0,6205000000,0,2826000000,712000000,5350000000,0,1812000000,0,0,1812000000,0,625000000,1187000000,0,0.92,0.92,1275000000,1275000000
1999-06-30_Q2,12718000000,5016000000,7702000000,0.605598,0,4768000000,0,0,9784000000,0,5016000000,742000000,8692000000,0,2934000000,0,0,2934000000,0,1037000000,1897000000,0,0.93,0.93,2020000000,2020000000
1999-03-31_Q1,12826000000,5191000000,7635000000,0.595275,0,4893000000,0,0,10084000000,0,5191000000,792000000,8725000000,0,2742000000,0,0,2742000000,0,969000000,1773000000,0,0.86,0.86,2035000000,2035000000
1998-12-31_Q4,12663000000,5982000000,6681000000,0.5276,0,4792000000,0,0,10774000000,0,5982000000,160000000,8031000000,0,1889000000,0,0,1889000000,0,654000000,1235000000,0,0.6,0.6,2013000000,2013000000
1998-09-30_Q3,11687000000,6143000000,5544000000,0.474373,0,4043000000,0,0,10186000000,0,6143000000,724000000,8368000000,0,1501000000,0,0,1501000000,0,508000000,993000000,0,0.47,0.47,2034000000,2034000000
1998-06-30_Q2,13311000000,6403000000,6908000000,0.518969,0,4466000000,0,0,10869000000,0,6403000000,639000000,9484000000,0,2442000000,0,0,2442000000,0,887000000,1555000000,0,0.74,0.74,2054000000,2054000000
1998-03-31_Q1,13175000000,6555000000,6620000000,0.502467,0,5105000000,0,0,11660000000,0,6555000000,392000000,8462000000,0,1515000000,0,0,1515000000,0,553000000,962000000,0,0.45,0.45,2036000000,2036000000
1997-12-31_Q4,12310000000,6540000000,5770000000,0.468725,0,4009000000,0,0,10549000000,0,6540000000,264000000,8565000000,0,1761000000,0,0,1761000000,0,616000000,1145000000,0,0.53,0.53,2064000000,2064000000
1997-09-30_Q3,12469000000,6138000000,6331000000,0.507739,0,4183000000,0,0,10321000000,0,6138000000,379000000,8665000000,0,2148000000,0,0,2148000000,0,770000000,1378000000,0,0.65,0.65,2037000000,2037000000
1997-06-30_Q2,11829000000,5885000000,5944000000,0.502494,0,3914000000,0,0,9799000000,0,5885000000,406000000,8321000000,0,2030000000,0,0,2030000000,0,731000000,1299000000,0,0.61,0.61,2037000000,2037000000
1997-03-31_Q1,11499000000,5516000000,5983000000,0.520306,0,3858000000,0,0,9374000000,0,5516000000,446000000,8087000000,0,2125000000,0,0,2125000000,0,774000000,1351000000,0,0.62,0.62,2079000000,2079000000
1996-12-31_Q4,11241000000,5498000000,5743000000,0.510898,0,3786000000,0,0,9284000000,0,5498000000,311000000,7766000000,0,1957000000,0,0,1957000000,0,702000000,1255000000,0,0.55,0.55,2178000000,2178000000
1996-09-30_Q3,10573000000,5099000000,5474000000,0.517734,0,3677000000,0,0,8776000000,0,5099000000,425000000,7321000000,0,1797000000,0,0,1797000000,0,663000000,1134000000,0,0.51,0.51,2100000000,2100000000
1996-06-30_Q2,10643000000,4928000000,5715000000,0.536973,0,3678000000,0,0,8606000000,0,4928000000,343000000,7308000000,0,2037000000,0,0,2037000000,0,741000000,1296000000,0,0.59,0.59,2096000000,2096000000
1996-03-31_Q1,10830000000,5055000000,5775000000,0.533241,0,5423000000,0,0,10478000000,0,5055000000,485000000,5892000000,0,352000000,0,0,352000000,0,2000000,350000000,0,0.14,0.14,2089000000,2089000000
1995-12-31_Q4,10519000000,5158000000,5361000000,0.509649,0,3540000000,0,0,8698000000,0,5158000000,389000000,7368000000,0,1821000000,0,0,1821000000,0,628000000,1193000000,0,0.52,0.52,2188000000,2188000000
1995-09-30_Q3,10126000000,4798000000,5328000000,0.52617,0,3546000000,0,0,8344000000,0,4798000000,326000000,6906000000,0,1782000000,0,0,1782000000,0,658000000,1124000000,0,0.5,0.5,2112000000,2112000000
1995-06-30_Q2,9972000000,4769000000,5203000000,0.521761,0,3538000000,0,0,8307000000,0,4769000000,305000000,6739000000,0,1665000000,0,0,1665000000,0,621000000,1044000000,0,0.48,0.48,2065000000,2065000000
1995-03-31_Q1,9654000000,4682000000,4972000000,0.51502,0,3522000000,0,0,8204000000,0,4682000000,298000000,6419000000,0,1450000000,0,0,1450000000,0,545000000,894000000,0,0.41,0.41,2034000000,2034000000
1994-12-31_Q4,8980000000,4191000000,4789000000,0.533296,0,4006000000,0,0,8197000000,0,4191000000,255000000,5229000000,0,783000000,0,0,783000000,0,182000000,601000000,0,0.24,0.24,2203000000,2203000000
1994-09-30_Q3,8873000000,3637000000,5236000000,0.590105,0,3519000000,0,0,7156000000,0,3637000000,292000000,5646000000,0,1717000000,0,0,1717000000,0,646000000,1071000000,0,0.48,0.48,2049000000,2049000000
1994-06-30_Q2,9148000000,3912000000,5236000000,0.572366,0,3600000000,0,0,7512000000,0,3912000000,564000000,6112000000,0,1636000000,0,0,1636000000,0,622000000,1014000000,0,0.45,0.45,2081000000,2081000000
1994-03-31_Q1,8786000000,3517000000,5269000000,0.599704,0,3598000000,0,0,7115000000,0,3517000000,44000000,5232000000,0,1671000000,0,0,1671000000,0,643000000,1028000000,0,0.46,0.46,2084000000,2084000000
1993-12-31_Q4,9148000000,3431000000,5717000000,0.624945,0,4038000000,0,0,7469000000,0,3431000000,271000000,5381000000,0,1679000000,0,0,1679000000,0,627000000,1052000000,0,0.47,0.47,2086000000,2086000000
1993-09-30_Q3,9015000000,3596000000,5419000000,0.601109,0,3790000000,0,0,7386000000,0,3596000000,279000000,5504000000,0,1629000000,0,0,1629000000,0,392000000,1237000000,0,0.56,0.56,2080000000,2080000000
1993-06-30_Q2,8870000000,3526000000,5344000000,0.60248,0,3761000000,0,0,7287000000,0,3526000000,244000000,5353000000,0,1583000000,0,0,1583000000,0,538000000,1045000000,0,0.48,0.48,2005000000,2005000000
1993-03-31_Q1,8752000000,3489000000,5263000000,0.601348,0,4624000000,0,0,8113000000,0,3489000000,251000000,4777000000,0,639000000,0,0,639000000,0,215000000,822000000,0,0.17,0.17,1976000000,1976000000
1992-12-31_Q4,7962000000,3473000000,4489000000,0.563803,0,3610000000,0,0,7083000000,0,3473000000,283000000,4635000000,0,879000000,0,0,879000000,0,184000000,695000000,0,0.32,0.32,1958000000,1958000000
1992-09-30_Q3,8447000000,3737000000,4710000000,0.557594,0,3657000000,0,0,7394000000,0,3737000000,277000000,5067000000,0,1053000000,0,0,1053000000,0,275000000,778000000,0,0.36,0.36,1942000000,1942000000
1992-06-30_Q2,8493000000,3901000000,4592000000,0.540681,0,3555000000,0,0,7456000000,0,3901000000,233000000,5171000000,0,1037000000,0,0,1037000000,0,320000000,717000000,0,0.34,0.34,1921000000,1921000000
1992-03-31_Q1,8550000000,4153000000,4397000000,0.514269,0,3463000000,0,0,7616000000,0,4153000000,222000000,5761000000,0,934000000,0,0,934000000,0,269000000,1117000000,0,0.32,0.32,1845000000,1845000000
1991-12-31_Q4,8976000000,4680000000,4296000000,0.47861,0,4163000000,0,0,8843000000,0,4680000000,544000000,5357000000,0,133000000,0,0,133000000,0,149000000,-16000000,0,-0.05,-0.05,1695000000,1695000000
1991-09-30_Q3,9020000000,4757000000,4263000000,0.472616,0,3377000000,0,0,8134000000,0,4757000000,17000000,5692000000,0,886000000,0,0,886000000,0,200000000,718000000,0,0.36,0.36,1691000000,1691000000
1991-06-30_Q2,8792000000,4833000000,3959000000,0.450296,0,3296000000,0,0,8129000000,0,4833000000,282000000,5778000000,0,663000000,0,0,663000000,0,116000000,547000000,0,0.29,0.29,1679000000,1679000000
1991-03-31_Q1,9477000000,5494000000,3983000000,0.420281,0,3246000000,0,0,8740000000,0,5494000000,115000000,6346000000,0,737000000,0,0,737000000,0,166000000,571000000,0,0.31,0.31,1661000000,1661000000
1990-12-31_Q4,10065000000,6259000000,3806000000,0.378142,0,3349000000,0,0,9608000000,0,6259000000,307000000,7023000000,0,457000000,0,0,457000000,0,70000000,387000000,0,0.19,0.19,1735000000,1735000000
1990-09-30_Q3,9870000000,6155000000,3715000000,0.376393,0,3908000000,0,0,10063000000,0,6155000000,119000000,6081000000,0,-193000000,0,0,-193000000,0,189000000,-382000000,0,-0.27,-0.27,1625000000,1625000000
1990-06-30_Q2,9720000000,6048000000,3672000000,0.377778,0,3127000000,0,0,9175000000,0,6048000000,451000000,7044000000,0,545000000,0,0,545000000,0,140000000,405000000,0,0.21,0.21,1615000000,1615000000
1990-03-31_Q1,10280000000,6661000000,3619000000,0.352043,0,2976000000,0,0,9637000000,0,6661000000,-41000000,7493000000,0,643000000,0,0,643000000,0,172000000,701000000,0,0.26,0.26,1577000000,1577000000