date,revenue,costOfRevenue,grossProfit,grossProfitRatio,ResearchAndDevelopmentExpenses,GeneralAndAdministrativeExpenses,SellingAndMarketingExpenses,otherExpenses,operatingExpenses,costAndExpenses,interestExpense,depreciationAndAmortization,EBITDA,EBITDARatio,operatingIncome,operatingIncomeRatio,totalOtherIncomeExpensesNet,incomeBeforeTax,incomeBeforeTaxRatio,incomeTaxExpense,netIncome,netIncomeRatio,EPS,EPSDiluted,weightedAverageShsOut,weightedAverageShsOutDil
2020-06-30_Q2,896210000,75412000,820798000,0.915855,0,504959000,0,50938000,621632000,697044000,765000,65735000,265505000,0.296253,199166000,0.222231,373000,199005000,0.222052,51200000,147805000,0.164922,1.24878,1.24878,118359880,118359880
2020-03-31_Q1,987364000,107693000,879671000,0.890929,0,576132000,0,54934000,696501000,804194000,100000,65435000,246236000,0.249387,183170000,0.185514,-3617000,180701000,0.183014,47524000,133177000,0.134881,1.17374,1.17374,119805570,119805570
2019-12-31_Q4,1009206000,112004000,897202000,0.889018,0,586517000,0,57877000,708938000,820942000,92000,64544000,254230000,0.251911,188264000,0.186547,-375000,189594000,0.187865,45570000,144024000,0.14271,1.20231,1.20231,119789290,119789290
2019-09-30_Q3,1048457000,117343000,931114000,0.88808,0,586462000,0,63632000,713587000,830930000,3000,63493000,281890000,0.268862,217527000,0.207473,-844000,218394000,0.2083,54295000,164099000,0.156515,1.36768,1.36768,119983550,119983550
2019-06-30_Q2,1060666000,122410000,938256000,0.884591,0,582695000,0,58501000,703767000,826177000,160000,62571000,298305000,0.281243,234489000,0.221077,-524000,235574000,0.2221,61502000,174072000,0.164116,1.439,1.439,120967440,120967440
2019-03-31_Q1,990782000,121357000,869425000,0.877514,0,572915000,0,55011000,690999000,812356000,122000,63073000,243582000,0.245848,178426000,0.180086,600000,180387000,0.182065,47064000,133323000,0.134563,1.09537,1.09537,121714720,121714720
2018-12-31_Q4,1026944000,126026000,900918000,0.877281,0,563002000,0,56516000,682073000,808099000,138000,62557000,280046000,0.272698,218845000,0.213103,-2567000,217351000,0.211648,57892000,159459000,0.155275,1.30306,1.30306,122372280,122372280
2018-09-30_Q3,1058200000,126000000,932200000,0.88093,0,589500000,0,56200000,703800000,829800000,29000,58100000,287329000,0.271526,228400000,0.215838,100000,229200000,0.216594,55800000,173400000,0.163863,2.12,2.12,82000000,82000000
2018-06-30_Q2,1033500000,124900000,908600000,0.879149,0,572600000,0,59300000,688100000,813000000,11000,56200000,277611000,0.268612,220500000,0.213353,300000,221500000,0.21432,58000000,163400000,0.158104,1.99,1.99,82200000,82200000
2018-03-31_Q1,925000000,114100000,811000000,0.876757,0,551300000,0,56800000,661600000,775700000,11000,53500000,201011000,0.217309,149300000,0.161405,-2300000,147500000,0.159459,38200000,109300000,0.118162,1.33,1.33,82400000,82400000
2017-12-31_Q4,891100000,106700000,784400000,0.88026,0,531600000,0,56300000,641000000,747700000,362000,53100000,302262000,0.339201,143500000,0.161037,400000,143900000,0.161486,51500000,197300000,0.221412,1.12,1.12,82400000,82400000
2017-09-30_Q3,873000000,95500000,777400000,0.890493,0,509800000,0,51800000,613600000,709100000,555000,52000000,217055000,0.248631,163900000,0.187743,1000000,164500000,0.188431,62200000,102300000,0.117182,1.24,1.24,82400000,82400000
2017-06-30_Q2,839900000,88600000,751300000,0.894511,0,488500000,0,51900000,590900000,679500000,642000,50400000,211342000,0.251628,160400000,0.190975,400000,160300000,0.190856,61900000,98400000,0.117157,1.19,1.19,82400000,82400000
2017-03-31_Q1,754100000,91000000,663100000,0.879326,0,457700000,0,47000000,555000000,646000000,595000,50300000,158095000,0.209647,108100000,0.14335,-400000,107200000,0.142156,41400000,65800000,0.087256,0.8,0.8,82400000,82400000
2016-12-31_Q4,745700000,84100000,661600000,0.88722,0,454400000,0,44200000,548200000,632300000,954000,49600000,161854000,0.21705,113400000,0.152072,-1200000,111300000,0.149256,42800000,68500000,0.09186,0.83,0.83,82400000,82400000
2016-09-30_Q3,782600000,83200000,699400000,0.893688,0,466300000,0,46600000,562000000,645200000,1131000,49000000,186431000,0.23822,137400000,0.175569,0,136300000,0.174163,50700000,85600000,0.109379,1.03,1.03,82800000,82800000
2016-06-30_Q2,755400000,80300000,675100000,0.893699,0,450100000,0,45100000,541700000,622000000,1064000,46500000,179664000,0.23784,133400000,0.176595,-300000,132100000,0.174874,50700000,81400000,0.107757,0.98,0.98,83400000,83400000
2016-03-31_Q1,707700000,75400000,632400000,0.893599,0,441500000,0,46500000,532800000,608200000,1183000,44800000,143883000,0.203311,99500000,0.140596,-500000,97900000,0.138335,37600000,60300000,0.085206,0.72,0.72,84000000,84000000
2015-12-31_Q4,734600000,83800000,650800000,0.885924,0,442900000,0,49700000,536900000,620700000,1309000,44200000,157409000,0.214279,113900000,0.15505,-700000,112000000,0.152464,39700000,72200000,0.098285,0.85,0.85,84600000,84600000
2015-09-30_Q3,779500000,88700000,690800000,0.886209,0,451000000,0,57400000,550900000,639600000,1163000,42500000,180563000,0.23164,139900000,0.179474,-1900000,136900000,0.175625,52500000,84400000,0.108275,0.99,0.99,85200000,85200000
2015-06-30_Q2,762200000,93400000,668800000,0.87746,0,430300000,0,57800000,527900000,621300000,1169000,39800000,180369000,0.236643,140900000,0.18486,-400000,139400000,0.182892,53800000,85600000,0.112306,1,1,85700000,85700000
2015-03-31_Q1,696200000,88000000,608200000,0.8736,0,408800000,0,57000000,504700000,592700000,1569000,38800000,142169000,0.204207,103600000,0.148808,-200000,101800000,0.146222,39300000,62500000,0.089773,0.73,0.73,86000000,86000000
2014-12-31_Q4,721000000,104800000,616300000,0.854785,0,404900000,0,59500000,504000000,608800000,1449000,39600000,151449000,0.210054,112300000,0.155756,-500000,110300000,0.152982,40500000,69900000,0.096949,0.81,0.81,86200000,86200000
2014-09-30_Q3,743600000,111700000,631900000,0.849785,0,404700000,0,63300000,505600000,617300000,1463000,37700000,163063000,0.219289,126300000,0.169849,-1000000,123900000,0.166622,46000000,77900000,0.104761,0.9,0.9,86200000,86200000
2014-06-30_Q2,703000000,109900000,593100000,0.84367,0,379600000,0,55600000,470400000,580300000,1622000,35100000,157722000,0.224356,122700000,0.174538,0,121100000,0.172262,47200000,73800000,0.104979,0.86,0.86,86200000,86200000
2014-03-31_Q1,620300000,106300000,514000000,0.828631,0,347500000,0,52300000,433900000,540200000,2076000,34100000,113376000,0.182776,80100000,0.129131,-800000,77200000,0.124456,31300000,45900000,0.073996,0.53,0.53,86200000,86200000
2013-12-31_Q4,592500000,97600000,494900000,0.835274,0,340600000,0,43700000,418000000,515600000,2338000,33800000,111238000,0.187743,76800000,0.12962,500000,75100000,0.126751,27900000,47200000,0.079662,0.55,0.55,86200000,86200000
2013-09-30_Q3,616500000,96800000,519700000,0.842985,0,339100000,0,49500000,421600000,518400000,2479000,32900000,130579000,0.211807,98100000,0.159124,-400000,95300000,0.154582,35100000,60100000,0.097486,0.7,0.7,86200000,86200000
2013-06-30_Q2,590300000,95100000,495200000,0.838895,0,322100000,0,45000000,397600000,492700000,2403000,30600000,127903000,0.216675,97600000,0.16534,-300000,94900000,0.160766,36600000,58300000,0.098763,0.68,0.68,86200000,86200000
2013-03-31_Q1,538400000,95700000,442700000,0.822251,0,304700000,0,42200000,376800000,472500000,2400000,29800000,95700000,0.177749,65900000,0.1224,-100000,63500000,0.117942,22900000,40600000,0.075409,0.47,0.47,86200000,86200000
2012-12-31_Q4,533800000,95900000,437900000,0.820345,0,298300000,0,42100000,370400000,466300000,2755000,29900000,96955000,0.181632,67500000,0.126452,-500000,64300000,0.120457,24800000,39500000,0.073998,0.46,0.46,86200000,86200000
2012-09-30_Q3,550500000,94700000,455800000,0.827975,0,302100000,0,44000000,374900000,469600000,2882000,28700000,109882000,0.199604,80900000,0.146957,300000,78400000,0.142416,27300000,51000000,0.092643,0.59,0.59,86200000,86200000
2012-06-30_Q2,547500000,93700000,453800000,0.828858,0,300200000,0,44400000,371200000,464900000,2685000,26600000,108285000,0.197781,82600000,0.150868,-900000,79100000,0.144475,31200000,47800000,0.087306,0.56,0.56,86200000,86200000
2012-03-31_Q1,502800000,94200000,408600000,0.812649,0,287900000,0,40900000,354400000,448600000,3219000,25500000,80119000,0.159346,54200000,0.107796,300000,51400000,0.102228,20300000,31100000,0.061854,0.36,0.36,86200000,86200000
2011-12-31_Q4,506400000,90400000,416000000,0.821485,0,273300000,0,55000000,352700000,443100000,3330000,24300000,88330000,0.174427,63300000,0.125,500000,60600000,0.119668,20800000,39900000,0.078791,0.46,0.46,86200000,86200000
2011-09-30_Q3,494500000,91400000,403100000,0.815167,0,275900000,0,35600000,334900000,426300000,3397000,23400000,89897000,0.181794,68200000,0.137917,-1700000,63100000,0.127604,24500000,38600000,0.078059,0.45,0.45,86200000,86200000
2011-06-30_Q2,480300000,90700000,389600000,0.81116,0,268000000,0,34900000,324900000,415600000,3464000,22000000,86364000,0.179813,64600000,0.134499,-400000,60800000,0.126588,21500000,39400000,0.082032,0.46,0.46,86200000,86200000
2011-03-31_Q1,422700000,82600000,340000000,0.804353,0,248200000,0,32800000,302200000,384800000,3876000,21100000,60476000,0.143071,37900000,0.089662,1400000,35500000,0.083984,13900000,21600000,0.0511,0.26,0.26,84400000,84400000
2010-12-31_Q4,399000000,69300000,329700000,0.826316,0,242700000,0,29100000,291700000,361000000,2950000,19900000,57950000,0.145238,38000000,0.095238,100000,35100000,0.08797,13000000,22100000,0.055388,0.26,0.26,83900000,83900000
2010-09-30_Q3,396000000,62700000,333200000,0.841414,0,239300000,0,31200000,289900000,352600000,2964000,19400000,63064000,0.159253,43400000,0.109596,200000,40600000,0.102525,16300000,24400000,0.061616,0.29,0.29,83900000,83900000
2010-06-30_Q2,368300000,59600000,308700000,0.838175,0,220800000,0,28300000,268600000,328200000,6699000,19500000,61999000,0.168338,40000000,0.108607,-1000000,35900000,0.097475,14300000,21500000,0.058376,0.26,0.26,84800000,84800000
2010-03-31_Q1,317800000,52700000,265100000,0.834172,0,203400000,0,23700000,248700000,301400000,-3518000,21600000,30882000,0.097174,16400000,0.051605,-100000,12800000,0.040277,5100000,7700000,0.024229,0.09,0.09,83900000,83900000
2009-12-31_Q4,310900000,48900000,262000000,0.842715,0,196500000,0,22800000,243100000,292000000,-3348000,23800000,35952000,0.115638,18900000,0.060791,-100000,15500000,0.049855,5800000,9700000,0.0312,0.12,0.12,83900000,83900000
2009-09-30_Q3,322800000,48000000,274800000,0.851301,0,206600000,0,24200000,254800000,302800000,-3109000,24100000,38191000,0.118312,20000000,0.061958,400000,17200000,0.053284,6700000,10500000,0.032528,0.13,0.13,84800000,84800000
2009-06-30_Q2,316200000,43800000,272400000,0.86148,0,203100000,0,23900000,250900000,294700000,-3330000,23900000,38470000,0.121664,21500000,0.067995,-300000,17900000,0.05661,7200000,10700000,0.033839,0.13,0.13,83900000,83900000
2009-03-31_Q1,295100000,40600000,254600000,0.862758,0,200300000,0,21200000,244500000,285100000,-3254000,23000000,26346000,0.089278,10100000,0.034226,-300000,6500000,0.022026,2600000,4000000,0.013555,0.05,0.05,83900000,83900000
2008-12-31_Q4,335800000,54700000,281100000,0.837105,0,213600000,0,22400000,258300000,313000000,-3416000,22400000,37084000,0.110435,22800000,0.067898,-1500000,18200000,0.054199,7100000,11000000,0.032758,0.13,0.13,83900000,83900000
2008-09-30_Q3,415900000,86000000,329900000,0.79322,0,237900000,0,27400000,287400000,373400000,-10592000,22000000,49708000,0.119519,42400000,0.101948,-800000,38300000,0.092089,14900000,23400000,0.056264,0.28,0.28,83900000,83900000
2008-06-30_Q2,417800000,90900000,327000000,0.782671,0,234200000,0,28200000,284000000,374900000,-3584000,21500000,57116000,0.136707,43000000,0.10292,-500000,39200000,0.093825,15300000,23900000,0.057204,0.28,0.28,83900000,83900000
2008-03-31_Q1,368200000,73600000,294600000,0.800109,0,228300000,0,24300000,273700000,347300000,-3424000,21200000,34776000,0.094449,20800000,0.056491,-700000,17000000,0.046171,6600000,10400000,0.028246,0.12,0.12,83900000,83900000
2007-12-31_Q4,358700000,68700000,290000000,0.808475,0,214900000,0,24100000,259800000,328500000,-3506000,20800000,42794000,0.119303,30200000,0.084193,-1600000,25500000,0.07109,9800000,15700000,0.043769,0.19,0.19,83900000,83900000
2007-09-30_Q3,363300000,62300000,301000000,0.828516,0,220500000,0,25900000,267000000,329300000,-3544000,20600000,48356000,0.133102,34000000,0.093587,600000,31300000,0.086155,11300000,20000000,0.055051,0.24,0.24,83900000,83900000
2007-06-30_Q2,359600000,58400000,301200000,0.837597,0,213100000,0,27400000,260600000,319000000,-3666000,20100000,53634000,0.149149,40700000,0.113181,0,37300000,0.103726,14700000,22500000,0.06257,0.27,0.27,83900000,83900000
2007-03-31_Q1,319900000,49500000,270500000,0.845577,0,203300000,0,23700000,245400000,294900000,-3750000,18400000,36450000,0.113942,25000000,0.078149,-300000,21800000,0.068146,8200000,13600000,0.042513,0.16,0.16,83900000,83900000
2006-12-31_Q4,319400000,49600000,269800000,0.844709,0,196500000,0,23800000,238200000,287800000,-3921000,17800000,42279000,0.13237,31600000,0.098936,-100000,28400000,0.088917,10600000,17800000,0.055729,0.21,0.21,83900000,83900000
2006-09-30_Q3,337600000,56300000,281300000,0.833235,0,202200000,0,25000000,244600000,300900000,-4494000,17500000,46206000,0.136866,36700000,0.108709,-400000,33200000,0.098341,13100000,20100000,0.059538,0.24,0.24,83900000,83900000
2006-06-30_Q2,330800000,52900000,277900000,0.840085,0,195800000,0,26700000,239300000,292200000,-2417000,16800000,50383000,0.152307,38600000,0.116687,-200000,36000000,0.108827,14400000,21600000,0.065296,0.26,0.26,83900000,83900000
2006-03-31_Q1,291600000,45600000,246100000,0.843964,0,184400000,0,22500000,222400000,268000000,-1611000,15500000,35589000,0.122047,23600000,0.080933,-300000,21700000,0.074417,8700000,13000000,0.044582,0.16,0.16,83900000,83900000
2005-12-31_Q4,285200000,45400000,239800000,0.840813,0,178000000,0,20300000,213500000,258900000,-1622000,55900000,78878000,0.276571,26300000,0.092216,-100000,24600000,0.086255,9900000,14700000,0.051543,0.18,0.18,83900000,83900000
2005-09-30_Q3,275100000,41900000,233100000,0.847328,0,169000000,0,20700000,204400000,246300000,-1767000,0,24933000,0.090632,28800000,0.104689,-300000,26700000,0.097056,10800000,15900000,0.057797,0.19,0.19,83900000,83900000
2005-06-30_Q2,264300000,37600000,226700000,0.857737,0,166000000,0,21900000,201500000,239100000,-1705000,0,21595000,0.081706,25300000,0.095725,-300000,23300000,0.088157,9400000,13900000,0.052592,0.17,0.17,83900000,83900000
2005-03-31_Q1,236800000,33100000,203700000,0.86022,0,155100000,0,19000000,186400000,219500000,-1433000,0,13767000,0.058138,17200000,0.072635,-200000,15700000,0.066301,6300000,8900000,0.037584,0.11,0.11,83900000,83900000
2004-12-31_Q4,224000000,30500000,193600000,0.864286,0,143600000,0,18900000,174200000,204700000,-1220000,11800000,28380000,0.126696,19300000,0.086161,-300000,17800000,0.079464,7200000,10600000,0.047321,0.13,0.13,83900000,83900000
2004-09-30_Q3,215100000,26400000,188800000,0.877731,0,138800000,0,16900000,167200000,193600000,-1290000,11500000,30310000,0.140911,21500000,0.099954,-100000,20100000,0.093445,7900000,12200000,0.056718,0.15,0.15,83100000,83100000
2004-06-30_Q2,202100000,23000000,179200000,0.88669,0,133600000,0,15700000,160200000,183200000,-1393000,10900000,26807000,0.132642,18900000,0.093518,-200000,17300000,0.085601,6800000,10500000,0.051954,0.13,0.13,81400000,81400000
2004-03-31_Q1,182800000,20800000,161900000,0.885667,0,125400000,0,15100000,151100000,171900000,-1370000,10600000,18630000,0.101915,10900000,0.059628,-200000,9400000,0.051422,3700000,5700000,0.031182,0.07,0.07,81400000,81400000
2003-12-31_Q4,174000000,18500000,155400000,0.893103,0,119900000,0,11900000,141900000,160400000,-1583000,10100000,20917000,0.120213,13600000,0.078161,500000,12500000,0.071839,4700000,7700000,0.044253,0.09,0.09,81400000,81400000
2003-09-30_Q3,176900000,18100000,158800000,0.897682,0,117600000,0,14500000,142000000,160100000,-1531000,10000000,23569000,0.133233,16800000,0.094969,-200000,15100000,0.085359,6000000,9100000,0.051441,0.11,0.11,81400000,81400000
2003-06-30_Q2,163800000,17300000,146500000,0.894383,0,112100000,0,12700000,134300000,151600000,-1564000,9400000,18636000,0.113773,12200000,0.074481,100000,10800000,0.065934,4300000,6500000,0.039683,0.08,0.08,81300000,81300000
2003-03-31_Q1,152900000,18200000,134700000,0.880968,0,105400000,0,12000000,126000000,144200000,-1433000,8700000,14267000,0.093309,8700000,0.0569,-200000,7000000,0.045782,2800000,4200000,0.027469,0.05,0.05,81200000,81200000
2002-12-31_Q4,149700000,15900000,133800000,0.893788,0,103500000,0,11700000,123400000,139300000,-1457000,8200000,15743000,0.105164,10400000,0.069472,0,9000000,0.06012,3500000,5500000,0.03674,0.08,0.08,72700000,72700000
2002-09-30_Q3,149900000,14900000,135100000,0.901268,0,102400000,0,12800000,122900000,137800000,-1499000,7700000,16701000,0.111414,12100000,0.08072,-100000,10500000,0.070047,4100000,6400000,0.042695,0.1,0.1,63200000,63200000
2002-06-30_Q2,139700000,13700000,126000000,0.901933,0,98000000,0,11600000,117300000,131000000,-1500000,7700000,13400000,0.09592,8700000,0.062276,-100000,7100000,0.050823,2800000,4400000,0.031496,0.07,0.07,63200000,63200000
2002-03-31_Q1,127100000,11900000,115300000,0.90716,0,91700000,0,11100000,110200000,122100000,-1300000,7500000,9800000,0.077105,5100000,0.040126,-100000,3700000,0.029111,1400000,2200000,0.017309,0.04,0.04,63200000,63200000
2001-12-31_Q4,124400000,12300000,112100000,0.901125,0,88600000,0,8200000,104300000,116600000,-1500000,7600000,12900000,0.103698,7800000,0.062701,500000,6800000,0.054662,2700000,4100000,0.032958,0.07,0.07,63100000,63100000
2001-09-30_Q3,129000000,12300000,116700000,0.904651,0,89800000,0,11700000,109000000,121300000,-1400000,7500000,12100000,0.093798,7700000,0.05969,-300000,6000000,0.046512,2300000,3700000,0.028682,0.06,0.06,63100000,63100000
2001-06-30_Q2,128600000,13600000,115000000,0.894246,0,90100000,0,11400000,109000000,122600000,-1500000,7500000,11100000,0.086314,6000000,0.046656,600000,5100000,0.039658,2000000,3100000,0.024106,0.05,0.05,63100000,63100000
2001-03-31_Q1,120300000,12700000,107600000,0.894431,0,85700000,0,11400000,104400000,117100000,-1500000,7300000,7400000,0.061513,3200000,0.0266,-100000,1600000,0.0133,600000,1000000,0.008313,0.02,0.02,63100000,63100000
2000-12-31_Q4,120500000,13000000,107500000,0.892116,0,84700000,0,10700000,102300000,115300000,-1200000,7000000,9900000,0.082158,5200000,0.043154,100000,4100000,0.034025,1600000,2500000,0.020747,0.04,0.04,63100000,63100000
2000-09-30_Q3,122400000,13100000,109300000,0.892974,0,83800000,0,10300000,101000000,114100000,-1300000,6900000,12600000,0.102941,8300000,0.06781,100000,7000000,0.05719,2700000,4300000,0.035131,0.07,0.07,63100000,63100000
2000-06-30_Q2,120100000,11600000,108600000,0.904246,0,82600000,0,10800000,99900000,111500000,-1000000,6600000,13100000,0.109076,8600000,0.071607,-100000,7500000,0.062448,2900000,4600000,0.038301,0.07,0.07,63100000,63100000
2000-03-31_Q1,112800000,12500000,100300000,0.889184,0,78700000,0,10400000,95600000,108100000,-900000,6500000,9400000,0.083333,4700000,0.041667,0,3800000,0.033688,1500000,2300000,0.02039,0.04,0.04,63200000,63200000
1999-12-31_Q4,112300000,10700000,101600000,0.90472,0,78500000,0,9700000,94600000,105300000,-900000,6400000,11200000,0.099733,7000000,0.062333,-300000,5800000,0.051647,2300000,3400000,0.030276,0.05,0.05,63200000,63200000
1999-09-30_Q3,108500000,9500000,99000000,0.912442,0,75700000,0,9200000,91200000,100700000,-1100000,6300000,12000000,0.110599,7900000,0.072811,0,6800000,0.062673,2600000,4200000,0.03871,0.07,0.07,63200000,63200000
1999-06-30_Q2,106200000,8600000,97600000,0.919021,0,74700000,0,8900000,89900000,98500000,-800000,6300000,12400000,0.116761,7700000,0.072505,0,6900000,0.064972,2600000,4300000,0.04049,0.07,0.07,63100000,63100000
1999-03-31_Q1,99300000,8000000,91300000,0.919436,0,71000000,0,8600000,85900000,93900000,-1300000,6300000,9000000,0.090634,5500000,0.055388,-200000,4000000,0.040282,1500000,2500000,0.025176,0.04,0.04,63100000,63100000
1998-12-31_Q4,99500000,8100000,91400000,0.918593,0,70800000,0,9400000,86400000,94500000,-1300000,6300000,8600000,0.086432,5000000,0.050251,0,3600000,0.036181,1400000,2200000,0.022111,0.04,0.04,63100000,63100000
1998-09-30_Q3,99300000,7600000,91700000,0.923464,0,70200000,0,9000000,84900000,92500000,-1100000,5800000,10200000,0.102719,6700000,0.067472,-100000,5500000,0.055388,2100000,3400000,0.03424,0.05,0.05,63200000,63200000
1998-06-30_Q2,95600000,8000000,87600000,0.916318,0,66400000,0,9300000,80900000,88900000,-1000000,5100000,9900000,0.103556,6800000,0.07113,-100000,5700000,0.059623,2200000,3600000,0.037657,0.06,0.06,63300000,63300000
1998-03-31_Q1,88700000,7700000,81000000,0.913191,0,63400000,0,8800000,76900000,84600000,-900000,4700000,6900000,0.07779,4100000,0.046223,-100000,3100000,0.034949,1200000,1900000,0.021421,0.03,0.03,63200000,63200000
1997-12-31_Q4,82500000,10900000,71500000,0.866667,0,56700000,0,5900000,67400000,78300000,-900000,4700000,7100000,0.086061,4200000,0.050909,0,3300000,0.04,1200000,2100000,0.025455,0.03,0.03,63400000,63400000
1997-09-30_Q3,88300000,11400000,76900000,0.870895,0,60000000,0,5900000,70400000,81800000,-900000,4400000,9000000,0.101925,6500000,0.073613,-100000,5500000,0.062288,2100000,3400000,0.038505,0.05,0.05,63200000,63200000
1997-06-30_Q2,84500000,11100000,73400000,0.868639,0,57700000,0,5500000,67300000,78400000,-900000,4100000,8400000,0.099408,6100000,0.072189,-100000,5100000,0.060355,2000000,3200000,0.03787,0.05,0.05,63100000,63100000
1997-03-31_Q1,73600000,10800000,62700000,0.851902,0,50500000,0,5100000,59600000,70400000,-900000,4000000,5400000,0.07337,3200000,0.043478,-100000,2300000,0.03125,900000,1400000,0.019022,0.02,0.02,63200000,63200000
1996-12-31_Q4,72600000,10900000,61700000,0.849862,0,48500000,0,5700000,58400000,69300000,-900000,4200000,6000000,0.082645,3400000,0.046832,200000,2700000,0.03719,1000000,1700000,0.023416,0.03,0.03,63400000,63400000
1996-09-30_Q3,77300000,11000000,66200000,0.856404,0,49900000,0,7700000,61800000,72800000,-900000,4100000,6700000,0.086675,4500000,0.058215,-100000,3500000,0.045278,1300000,2200000,0.028461,0.03,0.03,63400000,63400000
1996-06-30_Q2,74900000,11000000,63900000,0.853138,0,48900000,0,7600000,60500000,71500000,-600000,4000000,6000000,0.080107,3400000,0.045394,-100000,2700000,0.036048,1000000,1600000,0.021362,0.03,0.03,63400000,63400000
1996-03-31_Q1,68300000,10300000,58000000,0.849195,0,45300000,0,7200000,56300000,66600000,-500000,3800000,4400000,0.064422,1700000,0.02489,-100000,1100000,0.016105,400000,700000,0.010249,0.01,0.01,63400000,63400000
1995-12-31_Q4,67100000,800000,66200000,0.986587,0,46500000,0,15200000,65500000,66300000,-500000,3700000,3500000,0.052161,800000,0.011923,0,300000,0.004471,100000,200000,0.002981,0,0,63400000,63400000
1995-09-30_Q3,62900000,8500000,54400000,0.864865,0,42400000,0,6400000,52300000,60800000,-400000,3500000,4600000,0.073132,2000000,0.031797,-100000,1500000,0.023847,600000,900000,0.014308,0.01,0.01,63400000,63400000
1995-06-30_Q2,60400000,8100000,52200000,0.864238,0,39500000,0,6000000,48700000,56800000,-300000,3200000,6100000,0.100993,3600000,0.059603,-100000,3200000,0.05298,1200000,2000000,0.033113,0.03,0.03,63500000,63500000
1995-03-31_Q1,57700000,7400000,50300000,0.87175,0,38200000,0,5700000,47100000,54500000,-300000,3200000,5800000,0.10052,3200000,0.055459,-100000,2900000,0.05026,1100000,1800000,0.031196,0.03,0.03,63500000,63500000
1994-12-31_Q4,59500000,7600000,52000000,0.87395,0,38200000,0,6200000,47500000,55100000,-300000,3100000,7200000,0.121008,4400000,0.07395,300000,4400000,0.07395,1900000,2500000,0.042017,0.04,0.04,63800000,63800000
1994-09-30_Q3,63100000,8100000,55000000,0.871632,0,39700000,0,7000000,49700000,57800000,-300000,3000000,7500000,0.118859,5300000,0.083994,-200000,4800000,0.07607,1800000,3000000,0.047544,0.05,0.05,63500000,63500000
1994-06-30_Q2,66000000,8100000,57900000,0.877273,0,41500000,0,7500000,51800000,59900000,-300000,2900000,8200000,0.124242,6000000,0.090909,-100000,5600000,0.084848,2100000,3500000,0.05303,0.06,0.06,63500000,63500000
1994-03-31_Q1,55000000,7600000,47400000,0.861818,0,36200000,0,6600000,45500000,53100000,-200000,2800000,4200000,0.076364,1900000,0.034545,-100000,1600000,0.029091,600000,1000000,0.018182,0.02,0.02,63500000,63500000
1993-12-31_Q4,55100000,7100000,48000000,0.871143,0,37000000,0,6800000,46400000,53500000,-200000,2700000,4000000,0.072595,1500000,0.027223,100000,1400000,0.025408,600000,900000,0.016334,0.01,0.01,63600000,63600000
1993-09-30_Q3,54000000,6400000,47600000,0.881481,0,34100000,0,6400000,43100000,49500000,-300000,2600000,6400000,0.118519,4500000,0.083333,-100000,4200000,0.077778,1500000,2600000,0.048148,0.04,0.04,63600000,63600000
1993-06-30_Q2,50100000,6500000,43700000,0.872255,0,30800000,0,5600000,38900000,45400000,-200000,2500000,6800000,0.135729,4800000,0.095808,-100000,4400000,0.087824,1700000,2800000,0.055888,0.04,0.04,63600000,63600000
1993-03-31_Q1,46100000,6200000,39900000,0.86551,0,27600000,0,6200000,36200000,42400000,-400000,2300000,5100000,0.110629,3700000,0.08026,-200000,3200000,0.069414,1200000,2000000,0.043384,0.03,0.03,63600000,63600000
1992-12-31_Q4,46900000,6300000,40600000,0.865672,0,28800000,0,6300000,37500000,43800000,-500000,2400000,4600000,0.098081,3100000,0.066098,0,2700000,0.057569,1000000,1700000,0.036247,0.03,0.03,63500000,63500000
1992-09-30_Q3,47900000,6200000,41700000,0.870564,0,28800000,0,6200000,37200000,43400000,-400000,2200000,6000000,0.125261,4500000,0.093946,100000,4100000,0.085595,1600000,2600000,0.05428,0.04,0.04,63600000,63600000
1992-06-30_Q2,46100000,5900000,40200000,0.872017,0,27300000,0,6500000,35800000,41700000,-200000,2100000,6100000,0.132321,4500000,0.097614,-100000,4100000,0.088937,1600000,2600000,0.056399,0.04,0.04,64000000,64000000
1992-03-31_Q1,42900000,5400000,37500000,0.874126,0,26100000,0,6100000,34100000,39500000,-300000,1900000,4000000,0.09324,3400000,0.079254,-100000,3100000,0.072261,1200000,1200000,0.027972,0.03,0.03,63600000,63600000
1991-12-31_Q4,40400000,4900000,35400000,0.876238,0,23400000,0,7200000,32600000,37500000,-500000,0,1600000,0.039604,2900000,0.071782,-200000,2200000,0.054455,800000,1300000,0.032178,0.02,0.02,61200000,61200000
1991-09-30_Q3,41400000,5100000,36400000,0.879227,0,25100000,0,5300000,32200000,37300000,-800000,3700000,6300000,0.152174,4200000,0.101449,0,3400000,0.082126,1300000,2100000,0.050725,0.04,0.04,50600000,50600000
1991-06-30_Q2,38700000,4800000,33900000,0.875969,0,22600000,0,6000000,30200000,35000000,-800000,400000,-3500000,-0.090439,3700000,0.095607,0,2900000,0.074935,1100000,-4200000,-0.108527,0.03,0.03,50600000,50600000
1991-03-31_Q1,35400000,4900000,30500000,0.861582,0,20800000,0,5800000,28000000,32900000,-800000,2600000,3300000,0.09322,2500000,0.070621,0,1700000,0.048023,600000,900000,0.025424,0.02,0.02,50600000,50600000